% Encoding: UTF-8

@Article{https://es.wikipedia.org/wiki/Motor_de_corriente_continua,
  author = {Wikipedia},
  title  = {Motor de corriente continua},
  year   = {2019},
}

@Comment{jabref-meta: databaseType:bibtex;}
