% Encoding: UTF-8

@Article{http://blindbuilder.tripod.com/TAREA_2_DE_ELECTRONICA.htm,
  author = {TRIPOD},
  title  = {AMPLIFICADOR CLASE B},
  year   = {2011},
}

@Comment{jabref-meta: databaseType:bibtex;}
