% Encoding: UTF-8

@Article{https://es.wikipedia.org/wiki/Amplificador_operacional,
  author = {Wikipedia},
  title  = {Amplificador Operacional},
  year   = {27 ago 2019},
}

@Article{https://www.ecured.cu/Amplificador_clase_A,
  author = {EcuRed},
  title  = {Amplifiacor clase A},
  year   = {2011},
}

@Article{https://electronicavm.files.wordpress.com/2011/03/amplificadores-clase-a-y-b1.pdf,
  author = {Anonimo},
  title  = {Amplificadores de potencia Clase A y clase B},
  year   = {2013},
}

@Comment{jabref-meta: databaseType:bibtex;}
