% Encoding: UTF-8

@Article{https://unicrom.com/tiristor-scr-en-corriente-continua/,
  author = {ELECTRÓNICA PARA EL AFICIONADO Y EL EXPERTO},
  title  = {Tiristor (SCR) en corriente contínua},
  year   = {2016},
}

@Article{https://sites.google.com/site/tiristorescircuitos/scr-en-ac,
  author = {Tiristores Circuitos},
  title  = {SCR en AC},
  year   = {2015},
}

@Comment{jabref-meta: databaseType:bibtex;}

\section (bib
cesta bidjvof \cite(wikipedia), en esta biblosgafo budefhegenf  cite (ri 

\bibliographystyle{} 
\bibliography{}
